<record><leader>00000cas a22000007a 4500</leader><controlfield tag="001">16441723</controlfield><controlfield tag="008">870812u1961uuuuinuwr ne      0    0eng d</controlfield><datafield ind1=" " ind2=" " tag="010"><subfield code="a">sn 87056482 </subfield></datafield><datafield ind1=" " ind2=" " tag="040"><subfield code="a">NPI</subfield><subfield code="b">eng</subfield><subfield code="c">NPI</subfield><subfield code="d">OCLCQ</subfield></datafield><datafield ind1=" " ind2=" " tag="042"><subfield code="a">msc</subfield></datafield><datafield ind1="0" ind2="4" tag="245"><subfield code="a">The Northern suburbanite.</subfield></datafield><datafield ind1=" " ind2=" " tag="260"><subfield code="a">Zionsville, Ind. :</subfield><subfield code="b">Zionsville Times</subfield></datafield><datafield ind1=" " ind2=" " tag="310"><subfield code="a">Weekly</subfield></datafield><datafield ind1="1" ind2=" " tag="362"><subfield code="a">Began with July 10, 1961 issue.</subfield></datafield><datafield ind1=" " ind2=" " tag="580"><subfield code="a">"Carried as a supplement to The Zionsville times," Dec. 1, 1965-&lt;Dec. 29, 1971&gt;.</subfield></datafield><datafield ind1=" " ind2=" " tag="588"><subfield code="a">Description based on: Vol. 5, no. 48 (Dec. 1, 1965).</subfield></datafield><datafield ind1=" " ind2=" " tag="752"><subfield code="a">United States</subfield><subfield code="b">Indiana</subfield><subfield code="c">Boone</subfield><subfield code="d">Zionsville.</subfield></datafield><datafield ind1="1" ind2=" " tag="772"><subfield code="t">Zionsville times</subfield><subfield code="w">(DLC)sn 84045576</subfield></datafield><datafield ind1="1" ind2=" " tag="029"><subfield code="a">AU@</subfield><subfield code="b">000025828008</subfield></datafield></record>